<record><leader>00000cas a2200000K  4500</leader><controlfield tag="001">25362659</controlfield><controlfield tag="008">920228d190u19uutxucr n       0    0eng d</controlfield><datafield ind1=" " ind2=" " tag="010"><subfield code="a">sn 93068206 </subfield></datafield><datafield ind1=" " ind2=" " tag="040"><subfield code="a">IXA</subfield><subfield code="b">eng</subfield><subfield code="c">IXA</subfield><subfield code="d">PPM</subfield><subfield code="d">OCLCQ</subfield><subfield code="d">OCLCF</subfield><subfield code="d">OCLCO</subfield></datafield><datafield ind1=" " ind2=" " tag="090"><subfield code="a">LH1</subfield><subfield code="b">.S5533</subfield></datafield><datafield ind1="0" ind2=" " tag="130"><subfield code="a">Skiff (Waco, Tex.)</subfield></datafield><datafield ind1="1" ind2="4" tag="245"><subfield code="a">The Skiff.</subfield></datafield><datafield ind1=" " ind2=" " tag="260"><subfield code="a">Waco, Tex. :</subfield><subfield code="b">Student Body and Alumni of Texas Christian University,</subfield></datafield><datafield ind1=" " ind2=" " tag="300"><subfield code="a">v.</subfield><subfield code="b">illus.</subfield><subfield code="c">40-46 cm.</subfield></datafield><datafield ind1=" " ind2=" " tag="310"><subfield code="a">Semiweekly</subfield></datafield><datafield ind1=" " ind2=" " tag="321"><subfield code="a">Weekly &lt;-1916&gt;</subfield></datafield><datafield ind1=" " ind2=" " tag="500"><subfield code="a">Published in Waco, Texas until 1910. Published in Fort Worth thereafter.</subfield></datafield><datafield ind1=" " ind2=" " tag="588"><subfield code="a">Description based on: Vol. 2, no. 27 (Apr. 9, 1904).</subfield></datafield><datafield ind1="2" ind2="0" tag="610"><subfield code="a">Texas Christian University</subfield><subfield code="v">Newspapers.</subfield></datafield><datafield ind1=" " ind2="7" tag="655"><subfield code="a">Newspapers.</subfield><subfield code="2">fast</subfield><subfield code="0">(OCoLC)fst01423814</subfield></datafield><datafield ind1="2" ind2="7" tag="610"><subfield code="a">Texas Christian University.</subfield><subfield code="2">fast</subfield><subfield code="0">(OCoLC)fst00556564</subfield></datafield><datafield ind1=" " ind2=" " tag="752"><subfield code="a">United States</subfield><subfield code="b">Texas</subfield><subfield code="c">McLennan</subfield><subfield code="d">Waco.</subfield></datafield><datafield ind1=" " ind2=" " tag="752"><subfield code="a">United States</subfield><subfield code="b">Texas</subfield><subfield code="c">Tarrant</subfield><subfield code="d">Fort Worth.</subfield></datafield><datafield ind1="0" ind2="0" tag="785"><subfield code="t">Daily skiff</subfield><subfield code="w">(DLC)sn9300068207</subfield></datafield></record>